%@book{koza92,
%		author    = "Koza, John R.",
%		title     = "Genetic Programming: On the Programming of Computers by Means of Natural Selection",
%		publisher = "MIT Press",
%		year      = "1992"
%}
%
%
%@misc{ wiki:latex,
%       author = "Wikipedia",
%       title = "LaTeX --- Wikipedia{,} La enciclopedia libre",
%       year = "2015",
%       howpublished = {\url{https://es.wikipedia.org/w/index.php?title=LaTeX&oldid=84209252}},
%       note = "[Internet; descargado 30-septiembre-2015]"
%}
%
%
%@article{bortolot2005,
%  title={Estimating forest biomass using small footprint LiDAR data: An individual tree-based approach that incorporates training data},
%  author={Bortolot, Zachary J and Wynne, Randolph H},
%  journal={ISPRS Journal of Photogrammetry and Remote Sensing},
%  volume={59},
%  number={6},
%  pages={342--360},
%  year={2005},
%  publisher={Elsevier}
%}

@misc{wiki:kairos,
    author = "Wikipedia",
    title = "Kairós --- Wikipedia{,} La enciclopedia libre",
    year = "2024",
    howpublished = {\url{https://es.wikipedia.org/wiki/Kair%C3%B3s}},
    note = "[Información Kairos]"
}

@misc{youtube:kairos,
    author = "YouTube",
    title = "Kairós - YouTube",
    year = "2024",
    howpublished = {\url{https://www.youtube.com/watch?v=2tF3HOPWMjQ}},
    note = "[Información Kairos 2]"
}

@misc{wiki:subasta,
    author = "Wikipedia",
    title = "Subasta --- Wikipedia{,} La enciclopedia libre",
    year = "2024",
    howpublished = {\url{https://es.wikipedia.org/wiki/Subasta}},
    note = "[Información subasta]"
}

@misc{wiki:teoria_subasta,
    author = "Wikipedia",
    title = "Teoría de subasta --- Wikipedia{,} La enciclopedia libre",
    year = "2024",
    howpublished = {\url{https://es.wikipedia.org/wiki/Teor%C3%ADa_de_subasta}},
    note = "[Información subasta 2]"
}

@misc{apuntes:ecommerce_adwords,
    author = "José Ignacio Santos and José Manuel Galán",
    title = "E-Commerce y Google AdWords",
    year = "2024",
    note = "[Asignatura: Gestión de la información]"
}

@misc{cakephp:mvc,
    author = "CakePHP Documentation",
    title = "Understanding Model-View-Controller",
    year = "2024",
    howpublished = {\url{https://book.cakephp.org/1.3/es/The-Manual/Beginning-With-CakePHP/Understanding-Model-View-Controller.html}},
    note = "[Información MVC]"
}

@misc{mdn:mvc,
    author = "MDN Web Docs",
    title = "MVC - MDN Web Docs",
    year = "2024",
    howpublished = {\url{https://developer.mozilla.org/es/docs/Glossary/MVC}},
    note = "[Información MVC 2]"
}

@misc{unir:nosql_sql,
    author = "UNIR",
    title = "NoSQL vs SQL",
    year = "2024",
    howpublished = {\url{https://www.unir.net/ingenieria/revista/nosql-vs-sql/}},
    note = "[Información BBDD]"
}

@misc{ibm:machine_learning,
    author = "IBM",
    title = "Machine Learning",
    year = "2024",
    howpublished = {\url{https://www.ibm.com/es-es/topics/machine-learning}},
    note = "[Información Machine Learning 1]"
}

@misc{youtube:machine_learning,
    author = "YouTube",
    title = "Machine Learning - YouTube",
    year = "2024",
    howpublished = {\url{https://youtu.be/9aMDsCB_gfk}},
    note = "[Información Machine Learning 2]"
}

@misc{wiki:aprendizaje_automatico,
    author = "Wikipedia",
    title = "Aprendizaje automático --- Wikipedia{,} La enciclopedia libre",
    year = "2024",
    howpublished = {\url{https://es.wikipedia.org/wiki/Aprendizaje_autom%C3%A1tico}},
    note = "[Información Machine Learning 3]"
}

@misc{youtube:aprendizaje_automatico,
    author = "YouTube",
    title = "Aprendizaje automático - YouTube",
    year = "2024",
    howpublished = {\url{https://youtu.be/xrQ1YH0PnrM}},
    note = "[Información Machine Learning 4]"
}

@misc{ibm:unsupervised_learning,
    author = "IBM",
    title = "Unsupervised Learning",
    year = "2024",
    howpublished = {\url{https://www.ibm.com/es-es/topics/unsupervised-learning}},
    note = "[Información Machine Learning 5]"
}

@misc{telefonica:algoritmos_ml,
    author = "Telefónica Tech",
    title = "¿Qué algoritmo elegir en ML? Aprendizaje",
    year = "2024",
    howpublished = {\url{https://telefonicatech.com/blog/que-algoritmo-elegir-en-ml-aprendizaje}},
    note = "[Información Machine Learning 6]"
}

@misc{ibm:deep_learning,
    author = "IBM",
    title = "Deep Learning",
    year = "2024",
    howpublished = {\url{https://www.ibm.com/es-es/topics/deep-learning}},
    note = "[Información Machine Learning 7]"
}

@misc{kaggle:luxury_watch_listings,
    author = "Philmorekoung11",
    title = "Luxury Watch Listings Dataset",
    year = "2024",
    howpublished = {\url{https://www.kaggle.com/datasets/philmorekoung11/luxury-watch-listings}},
    note = "[Información dataset]"
}

@misc{aws:flutter,
    author = "AWS",
    title = "What is Flutter?",
    year = "2024",
    howpublished = {\url{https://aws.amazon.com/es/what-is/flutter/}},
    note = "[Información Flutter]"
}

@misc{muylinux:flutter_ubuntu,
    author = "MuyLinux",
    title = "Despidos en Google Flutter y Ubuntu",
    year = "2024",
    howpublished = {\url{https://www.muylinux.com/2024/05/08/despidos-google-flutter-ubuntu/}},
    note = "[Información Flutter 2]"
}

@misc{render:homepage,
    author = "Render",
    title = "Render",
    year = "2024",
    howpublished = {\url{https://render.com/}},
    note = "[Información Render]"
}

@misc{oracle:homepage,
    author = "Oracle",
    title = "¿Qué es la IA? Conoce la inteligencia artificial",
    year = "2024",
    howpublished = {\url{https://www.oracle.com/es/artificial-intelligence/what-is-ai/}},
    note = "[Definición IA]"
}

@misc{daniel:dasell,
    author = "Martín Cubero, Daniel",
    title = "DaSell: plataforma de compraventa mediante servicios avanzados realizado en Flutter",
    year = "2023",
    howpublished = {\url{https://uvadoc.uva.es/handle/10324/59938}},
    note = "[TFG Daniel]"
}

@misc{cesar:modelo,
    author = "Traseira Linares, Cesar",
    title = "PREDICCIÓN DE PRECIOS DE ACCIONES EN BOLSA A TRAVÉS DE REDES NEURONALES",
    year = "2022",
    howpublished = {\url{https://repositorio.comillas.edu/xmlui/bitstream/handle/11531/56871/TFG%20-%20Traseira%20Linares%2C%20Cesar.pdf?sequence=2&isAllowed=y}},
    note = "[TFG Cesar]"
}