@book{koza92,
		author    = "Koza, John R.",
		title     = "Genetic Programming: On the Programming of Computers by Means of Natural Selection",
		publisher = "MIT Press",
		year      = "1992"
}


@misc{ wiki:latex,
       author = "Wikipedia",
       title = "LaTeX --- Wikipedia{,} La enciclopedia libre",
       year = "2015",
       url = "https://es.wikipedia.org/w/index.php?title=LaTeX&oldid=84209252",
       note = "[Internet; descargado 30-septiembre-2015]"
}

@misc{instalacion:flutter,
  author       	= "munoncode",
  title        	= "Como Instalar Flutter en Windows (Paso a Paso 2024)",
  year         	= "2024",
  url			= "https://www.youtube.com/watch?v=BTubOBvfEUE&t=50s",
  note         	= "[Internet: 2024-07-03]"
}

@misc{flutter,
  author       	= "Google",
  title        	= "Flutter",
  year         	= "2024",
  url 			= "https://flutter.dev",
  note         	= "[Internet: 2024-07-03]"
}

@misc{ods,
  author       	= "Google",
  title        	= "ODS",
  year         	= "2024",
  url 			= "https://www.un.org/sustainabledevelopment/es/objetivos-de-desarrollo-sostenible/",
  note         	= "[Internet: 2024-07-03]"
}

